@incollection{geotopbricks,
    keywords= {report},
    author= "Cordano, Emanuele and Andreis, Daniele and Zottele, Fabio",
    title = "An R Plug-in for the Distributed Hydrological Model GEOtop",
    publisher = "The Comprensive R Archive Network",
    month = 8,
    year = 2016
}

@article{CINGOLI_DENDRO_2011,
    author = "La Porta, Nicola and Zottele, Fabio and Endrizzi, Emanuel and Soraruf, Luca and Ciolli, Marco",
    journal = "Dendronatura",
    month = 1,
    number = 1,
    volume = 32,
    title = "Dallo studio dei cingoli forestali del Trentino un importante archivio floristico della biodiversità forestale da valorizzare",
    year = 2011,
    keywords = "divulgative",
    pages = "29--36"
    
}

@inproceedings{FUZZY_2008,
	author = "La Porta, Nicola and Zottele, Fabio and Rocchini, Duccio",
	booktitle = "XVIII Congresso della Società Italiana di Ecologia: Ecologia emergenza pianificazione: riassunti",
	month = 9,
	title = "Fuzzy set theory applied to the characterisation of alpine forest vegetation",
	year = 2008,
	pages = "136",
}

@inproceedings{ROTIFER_2009,
    author = "Obertegger, Ulrike and Zottele, Fabio and Thaler, Bertha and Tait, Danilo and Flaim, Giovanna",
    booktitle = "XIX Congresso Associazione italiana di oceanografia e limnologia",
    month = 9,
    title = "Rotifer biodiversity in the eastern Alps: influence of environment and dispersal",
    year = 2009,
    pages = "50"
}

@article{invertebrati_2010,
    author = "Agabiti, Barbara and Zottele, Fabio and Mescalchin, Enzo",
    journal = "Terra Trentina",
    month = 5,
    number = 5,
    volume = 56,
    title = "Invertebrati sotto le ruote",
    year = 2010,
    keywords = "divulgative",
    pages = "50--51"
    
}

@incollection{SUOLO_2010,
    keywords= {report},
    author= "Toller, Giambattista and Zottele, Fabio and Dalsant, Claudio",
    title = "Suolo e paesaggio",
    booktitle = "Centro Trasferimento Tecnologico Rapporto 2009",
    publisher = "Fondazione Edmund Mach",
    month = 1,
    year = 2010
}

@incollection{IRRI4WEB_AR2009,
    keywords= {report},
    author= "Zottele, Fabio and Toller, Giambattista, and Eccel, Emanuele",
    title = "IRRI4WEB: un servizio di supporto all'irrigazione",
    booktitle = "Centro Trasferimento Tecnologico Rapporto 2009",
    publisher = "Fondazione Edmund Mach",
    month = 1,
    year = 2010
}

@inproceedings{GRANDINE_2011,
	author = "Eccel, Emanuele and Cau, Piero and Riemann-Campe, Kathrin and Biasioli, Franco and Zottele, Fabio",
	booktitle = "XIV Convegno nazionale di agrometeorologia: agrometeorologia per l'azienda agraria",
	month = 6,
	title = "La grandine in un'area agricola alpina: climatologia e legami con precursori atmosferici a larga scala",
	year = 2011
}

@inproceedings{TOLLER_2007,
	author = "Toller, Giambattista and Zottele, Fabio and Dorigoni, Alberto and Lezzer, Paolo and Rossi, F.",
	booktitle = "La frutticoltura delle Valli del Noce: 10a giornata tecnica",
	month = 10,
	title = "Necessità irrigue della Val di Non",
	year = 2007,
	pages = "59--69",
}

@inproceedings{ZOTTELE_2010,
	author = "Zottele, Fabio and Morari, Massimiliano and Biasi, Aldo and Corradini, Stefano and Piffer, Ivan and Biasi, Alessandro and Toller, Giambattista",
	booktitle = "XIII Convegno nazionale di agrometeorologia: agrometeorologia nella gestione integrata dei sistemi agro-forestali e dell'ambiente",
	month = 6,
	title = "Un sistema integrato per la gestione dell'irrigazione automatizzata",
	year = 2010,
	pages = "75--76",
}

@incollection{IrishClimate_2013,
    author= "Donnely, Alison and Caffarra, Amelia and Zottele, Fabio and Gleeson, Emily",
    title = "Ireland's Climate: the road ahead",
    booktitle = "Irish wildlife in a warmer climate",
    publisher = "Met {\'E}ireann",
    month = 1,
    year = 2013
}

@inproceedings{CERVIM_2012,
	author = "Delay, Etienne and Bourgoin, Jeremy and Zottele, Fabio and Andreis, Daniele",
	booktitle = "{Proceedings of the 4th International Congress on Mountain and Steep Slope Viticulture}",
	month = 11,
	title = "LAME: un outil pour comprendre les dynamiques spatiales des territoires viticoles de montagne",
	year = 2012
}

@article{dechets_2005,
    author = "Baiocchi, Valerio and Mascia, Simona and Tanga, Ennio and Vitti, Alfonso and Zatelli, Paolo and Zottele, Fabio",
    journal = "Géomatique Expert",
    month = 5,
    number = 1,
    volume = 44,
    title = "SIG et déchets",
    year = 2005,
    keywords = "divulgative"
    
}

@article{tt_03_2015,
    author = "Zottele, Fabio and Delay, Etienne",
    journal = "Terra Trentina",
    month = 9,
    number = 1,
    volume = 3,
    title = "Viticoltura eroica: un territorio da difendere",
    year = 2015,
    keywords = "divulgative"
    
}

@article{Cordano_2014,
	author = "Eccel, Emanuele and Cordano, Emanuele and Zottele, Fabio",
	journal = "Italian Journal of Agrometeorology",
	month = 10,
	number = 1,
	title = "A project for climatologic mapping of soil water content in Trentino",
	volume = 20,
	year = 2014
}

@incollection{Hero_2013,
    author= "Zottele, Fabio and Andreis, Daniele and Delay, Etienne",
    title = "Vigneti di montagna, quanto sono eroici",
    booktitle = "Valle di Cembra, il territorio, la gente, il vino",
    publisher = "Comitato mostra Valle di Cembra",
    month = 1,
    year = 2013
}


@incollection{AGRO_2017,
    keywords= {"report"},
    author= "Zottele, Fabio",
    title = "Il capitale paesaggistico nello spazio e nel tempo: un modello per la Val di Cembra",
    booktitle = "Report del ciclo di seminari: per una viticoltura agroecologica",
    publisher = "Provincia Autonoma di Trento",
    month = 4,
    year = 2017
}

@incollection{Suoli_2018,
	author = "Zottele, Fabio and Toller, Giambattista",
	booktitle = "I suoli delle valli del noce: terreno, frutteto, ambiente",
	title = "Climatologia e fabbisogni irrigui",
	publisher = "Fondazione Edmund Mach",
	month = 1,
	year = 2018
}


@inproceedings{DronItaly_2018_1,
	author = "Scandella, Federica and Zottele, Fabio and Scommegna, Melissa (2018)",
	booktitle = "{DronItaly, Milano 23-34 marzo 2018}",
	month = 3,
	title = "{Rilievo Aerofotogrammetrico del Parco della Fondazione Mach}",
	year = 2018
}

@inproceedings{DronItaly_2018_2,
	author = "Crocetta, Paolo and Zottele, Fabio and Scommegna, Melissa (2018)",
	booktitle = "{DronItaly, Milano 23-34 marzo 2018}",
	month = 3,
	title = "{Droni e TreeClimbing per il monitoraggio degli alberi in ambito urbano}",
	year = 2018
}

@article{VVQ_2018,
	author = "Zottele, Fabio and Scandella, Federica and Bucci, Davide amd Scommegna, Melissa",
	edition = "{Edagricole-Tecniche nuove}",
	journal = "VVQ vigne, vini {\&} qualit{\`a}",
	keywords = "divulgative",
	month = 3,
	number = 3,
	pages = "46--48",
	title = "{DRONHERO. Droni alla ricerca del capitale paesaggistico trentino}",
	volume = 1,
	year = 2018
}

@article{TT_2017,
	author = "Cristofolini, Fabiana and Zottele, Fabio and Salvadori, Maurizio and Zorzi, Cristina and Gottardini, Elena",
	edition = "{Edagricole-Tecniche nuove}",
	journal = "Terra Trentina",
	keywords = "divulgative",
	month = 9,
	number = 2,
	pages = "75",
	title = "{I pollini, sentinelle dei cambiamenti climatici}",
	volume = 62,
	year = 2017
}

@inproceedings{CERVIM_2018,
	author = "Zottele, Fabio and Scandella, Federica and Bucci, Davide and Nabacino, Luca and Scommegna, Melissa",
	booktitle = "Proceedings of the 6th International Congress on Mountain and Steep Slope Viticulture",
	month = 4,
	pages = "4--8",
	title = "Surveying the development of the steep-slope, terraced and mountainous viticultural landscape by using unmanned aerial vehicles: a costs {\&} benefits analysis",
	year = 2018
}

@article{AGRIACMA_2018,
	author = "Zottele, Fabio and Scommegna, Melissa and Scanedella, Federica and Crocetta, Paolo and Nabacino, Luca",
	journal = "AGRIACMA: 9th Fiera specializzata - Macchine Agricole di Montagna. Riva del Garda",
	keywords = "divulgative",
	month = 3,
	title = "{Droni ed Agricoltura: esperienze Formative ed esperienze Tecniche}",
	year = 2018
}

@article{sensors2017,
	author = "Baiocchi, Valerio and Zottele, Fabio and Dominici, Donatella",
	doi = "10.3390/s17020404",
	issn = "1424-8220",
	journal = "Sensors",
	month = 6,
	number = 2,
	title = "{Remote Sensing of Urban Microclimate Change in L{\rq}Aquila City (Italy) after Post-Earthquake Depopulation in an Open Source GIS Environment}",
	volume = 17,
	year = 2017
}

@article{CINGOLI2016,
	author = "Geri, Francesco and La Porta, Nicola and Zottele, Fabio and Ciolli, Marco",
	doi = "10.3390/ijgi5070100",
	journal = "ISPRS International Journal of Geo-Information",
	month = 6,
	pages = "100",
	title = "{Mapping Historical Data: Recovering a Forgotten Floristic and Vegetation Database for Biodiversity Monitoring}",
	volume = 5,
	year = 2016
}

@article{FoodChem2016,
	author = "Carlin, Silvia and Vrhovsek, Urska and Franceschi, Pietro and Lotti, Cesare and Bontempo, Luana and Camin, Federica and Toubiana, David and Zottele, Fabio and Toller, Giambattista and Fait, Aaron and Mattivi, Fulvio",
	doi = "10.1016/j.foodchem.2016.03.112",
	issn = "0308-8146",
	journal = "Food Chemistry",
	month = 10,
	pages = "68--80",
	title = "{Regional features of northern Italian sparkling wines, identified using solid-phase micro extraction and comprehensive two-dimensional gas chromatography coupled with time-of-flight mass spectrometry}",
	volume = 208,
	year = 2016
}

@article{SolarEnergy2015,
	author = "Giovanardi, Alessia and Passera Alessio and Zottele, Fabio and Lollini, Roberto",
	doi = "10.1016/j.solener.2015.10.034",
	issn = "0038-092X",
	journal = "Solar Energy",
	month = 10,
	pages = "1100--1116",
	title = "{Integrated solar thermal fa{\c c}ade system for building retrofit}",
	volume = 122,
	year = 2015
}

@article{TerrduVin2015,
	author = "Zottele, Fabio and Delay, Etienne",
	issn = "1760-5296",
	journal = "Territoires du vin [en ligne]",
	title = "{{\`E} possibile descrivere la resistenza dei paesaggi vitati di montagna utilizzando un territorio virtuale? Il caso trentino}",
	url = "http://revuesshs.u-bourgogne.fr/territoiresduvin/document.php?id=1905",
	volume = 6,
	year = 2015
}

@article{Revue2015,
	author = "Delay, Etienne and Chevallier, Marius and Rouvellac, Eric and Zottele, Fabio",
	doi = "10.4000/rga.2733",
	journal = "Journal of Alpine Research",
	month = 5,
	number = 1,
	title = "{Effects of the Wine Cooperative System on Socio-economic Factors and Landscapes in Mountain Areas}",
	volume = 103,
	year = 2015
}

@article{Laiti2014,
	author = "Laiti, Lavinia and Andreis, Daniele and Zottele, Fabio and Giovannini, Lorenzo and Panziera, Luca and Toller, Giambattista and Zardi, Dino",
	doi = "10.1016/j.egypro.2014.10.386",
	journal = "Energy Procedia",
	pages = "336--343",
	publisher = "Elsevier {BV}",
	title = "{A Solar Atlas for the Trentino Region in the Alps: Quality Control of Surface Radiation Data}",
	url = "http://dx.doi.org/10.1016/j.egypro.2014.10.386",
	volume = 59,
	year = 2014
}

@article{Cristof2015,
	author = "Cristofori, Antonella and Bacaro, Giovanni and Confalonieri, Mauro and Cristofolini, Fabiana and Frati, Luisa and Geri, Francesco and Gottardini, Elena and Tonidandel, Gabriele and Zottele, Fabio and Ferretti, Marco",
	doi = "10.1007/s13595-014-0440-y",
	journal = "Annals of Forest Science",
	month = 12,
	number = 4,
	pages = "in press",
	publisher = "Springer Science and Business Media",
	title = "{Estimating ozone risks using forest monitoring - results for science, policy and society}",
	year = 2014
}

@article{caffarra2014SpahettimbirbudrestofutcliwarIre,
	author = "Caffarra, Amelia and Zottele, Fabio and Gleeson, Emily and Donnelly, Alison",
	doi = "10.1007/s00484-013-0720-5",
	journal = "{International Journal of Biometeorology}",
	number = 4,
	pages = "1432--1254",
	publisher = "Springer",
	title = "{Spatial heterogeneity in the timing of birch budburst in response to future climate warming in Ireland}",
	volume = 58,
	year = 2014
}

@inproceedings{Delay_LAME2013,
	author = "Delay, Etienne and Zottele, Fabio and Quenol, Herve and {De Ros}, Giorgio",
	booktitle = "{18th international Symposium GiESCO}",
	hypenation = "english",
	issn = "0254-0223",
	number = 1,
	title = "{Mountain: a way for adaptation to global warming}",
	volume = 28,
	year = 2013
}

@inproceedings{Delay_COOP2013,
	author = "Delay, Etienne and Bourgoin, Jeremy and Zottele, Fabio",
	booktitle = "{18th international Symposium GiESCO}",
	hypenation = "english",
	issn = "0254-0223",
	number = 1,
	title = "{Impact of cooperation on vineyards mountain landscape}",
	volume = 28,
	year = 2013
}

@article{zorer2013DaiMODLanSurTemDatAnaHeaReqGraVar,
	author = "Zorer, Roberto and Rocchini, Duccio and Metz, Markus and Delucchi, Luca and Zottele, Fabio and Meggio, Franco and Neteler, Markus",
	doi = "10.1109/TGRS.2012.2226465",
	journal = "IEEE T. Geoscience and Remote Sensing",
	number = "4-1",
	pages = "2128--2135",
	title = "{Daily MODIS Land Surface Temperature Data for the Analysis of the Heat Requirements of Grapevine Varieties.}",
	volume = 51,
	x-fetchedfrom = "Bibsonomy",
	year = 2013
}

@article{Tamburrini2012,
	author = "Tamburini, Matteo and Maresi, Giorgio and Salvadori, Cristina and Battisti, Andrea and Zottele, Fabio and Pedrazzoli, Federico",
	journal = "Bulletin Of Insectology",
	number = "2",
	pages = "161--170",
	title = "{Adaptation of the invasive western conifer seed bug Leptoglossus occidentalis to Trentino, an alpine region (Italy)}",
	volume = "65",
	year = 2012
}

@article{DelayCartographie2012,
	author = "Delay, Etienne and Zottele, Fabio",
	hypenation = "french",
	journal = "Carte et geomatique",
	number = "213",
	pages = "70 -- 75",
	title = "{Cartographie web: comment construire le lien entre territoire et consommateur?}",
	year = 2012
}

@inproceedings{DelayZoning2012,
	author = "Delay, Etienne and Zottele, Fabio",
	booktitle = "{XIth International Terroir Congress}",
	hypenation = "english",
	pages = "2--13, 2--16",
	title = "{Zoning mountain landscapes for a valorisation of high identity products}",
	volume = "1",
	year = 2012
}

@article{pisetta2012GrealddecItaAlp,
	author = "Pisetta, Michele and Montecchio, Lucio and Longa, Claudia Maria Oliveira and Salvadori, Cristina and Zottele, Fabio and Maresi, Giorgio",
	journal = "Forest ecology and management",
	pages = "75--83",
	publisher = "Elsevier",
	title = "{Green alder decline in the Italian Alps}",
	url = "http://www.sciencedirect.com/science/article/pii/S0378112712003532; http://www.researchgate.net/publication/233043247_Green_alder_decline_in_the_Italian_Alps/file/79e41509ba886cf477.pdf",
	volume = 281,
	year = 2012
}

@article{eccel2012Highaimonalpfrureg,
	author = "Eccel, Emanuele and Zottele, Fabio",
	journal = "Italian Journal of Agrometeorology",
	number = "2",
	pages = "13--22",
	title = "{High-resolution hail monitoring in an alpine fruit-growing region}",
	volume = 17,
	year = 2012
}

@article{ISI:000208680600001,
	author = "Zottele, Fabio and Toller, Giambattista and Eccel, Emanuele",
	issn = "{2038-5625}",
	journal = "{Italian Journal of Agrometeorology}",
	month = 12,
	number = "{3}",
	pages = "{5--14}",
	title = "{Irri4web: crop water needs definition by webGIS}",
	unique-id = "{ISI:000208680600001}",
	volume = "{15}",
	year = 2010
}

@article{eccel2008Iltelallterperlamapdeltemminadeledetter_2,
	author = "Eccel, Emanuele and Arman, Giorgia and Zottele, Fabio and Gioli, Beniamino",
	journal = "Italian Journal of Agrometeorology",
	number = "3",
	pages = "52--61",
	title = "{ Thermal infrared remote sensing for high-resolution minimum temperature mapping }",
	url = "https://www.agrometeorologia.it/documenti/Rivista2008_3/52.pdf",
	volume = "18",
	x-fetchedfrom = "Google Scholar",
	year = 2008
}

@article{tollerALLPERLEGELTRELOSTADEL,
	author = "Toller, Giambattista and Barbiero, Roberto and Biasi, Alessandro and Zottele, Fabio and Eccel, Emanuele",
	journal = "Italian Journal of Agrometeorology",
	number = "3",
	pages = "52--61",
	title = "{ Allertamento per le gelate in Trentino: lo stato dell'arte}",
	url = "{http://www.agrometeorologia.it/documenti/Rivista2008_3/80.pdf}",
	volume = "18",
	year = 2008
}

@inproceedings{phyllo2012,
	author = "Zottele, Fabio and Baldessari, Mario and Delaiti, Marco and Curzel, Matteo and Ioriatti, Claudio and Angeli, Gino",
	booktitle = "Meeting of the IOBC/WPRS Working group Integrated Protection and Production in Viticulture ,Lacanau, FRANCE",
	month = 1,
	title = "A model for predicting damage spatial distribution of Phyllocnistis Vitegenella in Trentino Vineyards",
	year = 2012
}

@inproceedings{multTemp,
	author = "Zorer, Roberto and Rocchini, Duccio and Delucchi, Luca and Zottele, Fabio and Meggio, Franco and Neteler, Markus",
	booktitle = "{6th International Workshop on the Analysis of Multi-temporal Remote Sensing Images (Multi-Temp)}",
	month = 8,
	title = "{Use of multi-annual MODIS Land Surface Temperature data for the characterization of the heat requirements for grapevine varieties}",
	year = 2011
}

@inproceedings{vitti20043Dvecapptolocthedrislowinmod,
	author = "Vitti, Alfonso and Zatelli, Paolo and Zottele, Fabio",
	booktitle = "{Proceedings of the Proceedings FOSS/GRASS Users Conference}",
	title = "{3D vector approach to local thermally driven slope winds modeling}",
	url = "http://www.gisdevelopment.net/proceedings/fossgrass/papers/3D%20vector%20approach%20to%20local%20thermally%20driven%20slope%20winds%20mod.pdf",
	x-fetchedfrom = "Google Scholar",
	year = 2004
}

@article{ciolli2006GISdecsupsysmanSARopemouare,
	author = "Ciolli, Marco and Mengon, Luca and Vitti, Alfonso and Zatelli, Paolo and Zottele, Fabio",
	journal = "Geomatics Workbooks",
	title = "{A GIS-based decision support system for the management of SAR operations in mountain areas}",
	url = "http://www.researchgate.net/publication/229049001_A_GIS-based_decision_support_system_for_the_management_of_SAR_operations_in_mountain_areas/file/9fcfd5098e36b93bbc.pdf",
	volume = 6,
	x-fetchedfrom = "Google Scholar",
	year = 2006
}

@article{vittiGRA3D-ModfinortProPoicomSur,
	author = "Vitti, Alfonso and Zatelli, Paolo and Zottele, Fabio",
	journal = "International Journal of Geoinformatics",
	month = 3,
	title = "{A GRASS 3D-Vector Module for finding orthogonal Projections of Points on complex Surfaces}",
	url = "http://www.researchgate.net/publication/228528100_A_GRASS_3D-Vector_Module_for_finding_orthogonal_Projections_of_Points_on_complex_Surfaces/file/9fcfd5098e36c48657.pdf",
	x-fetchedfrom = "Google Scholar",
	year = 2006
}

@inproceedings{CRI1,
	author = "Salvadori, Cristina and Andreis, Daniele and Zottele, Fabio and Corradini, Stefano and Miori, Massimo",
	booktitle = "{IUFRO 7.03.10 {"}Methodology of forest insect and disease survey{"} IUFRO WP 7.03.06 - {"}Integrated management of forest defoliating insects{"}}",
	month = 9,
	title = "{Main parameters affecting the pine processionary moth (Thaumetopoea pityocampa) distribution}",
	year = 2012
}

@inproceedings{CRI2,
	author = "Andreis, Daniele and Zottele, Fabio and Wolynski, Alessandro and Salvadori, Cristina",
	booktitle = "{IUFRO 7.03.10 {"}Methodology of forest insect and disease survey{"} IUFRO WP 7.03.06 - {"}Integrated management of forest defoliating insects{"}}",
	month = 9,
	title = "{Developing a risk map of Ips Typographus}",
	year = 2012
}

@inproceedings{CRI3,
	author = "Zottele, Fabio and Corradini, Cristina Salvadori nd Stefano and Andreis, Daniele and Wolynski, Alessandro and Maresi, Giorgio",
	booktitle = "{IUFRO 7.03.10 {"}Methodology of forest insect and disease survey{"} IUFRO WP 7.03.06 - {"}Integrated management of forest defoliating insects{"}}",
	month = 9,
	title = "{Chryxomyxa rhododendri in Trentino: first analysis of monitoring data}",
	year = 2012
}

@inproceedings{SAB1,
	author = "Sablok, Gaurav and Zottele, Fabio and Hietala, Ari M. and Fossdal, Carl Grunnar",
	booktitle = "{ECCB'12 - 11th European Conference on Computational Biology. 9-12 September 2012, Basel, Switzerlans}",
	month = 9,
	title = "{FungPROTDB: An integrated repository of amino acid homorepeats in Fungal Kingdom}",
	year = 2012
}

@inproceedings{CAF1,
	author = "Zottele, Fabio and Caffarra, Amelia and Gleeson, Emily and Donnely, Alison",
	booktitle = "{European GeoSciences Union General Assembly}",
	month = 4,
	title = "{Mapping future phenologyof birch in Ireland}",
	year = 2011
}



@inproceedings{DSM,
	author = "Zottele, Fabio and Eccel, Emanuele and Toller, Giambattista",
	booktitle = "{IV International Workshop on Digital Soil Mapping, Rome, Italy}",
	month = 5,
	title = "{irri4web: a decision support system for irrigation}",
	year = 2010
}

@inproceedings{CERVIM2017_oral,
	author = "Zottele, Fabio and Delay, Etienne",
	booktitle = "{Proceedings of the 5th International Congress on Mountain and Steep Slope Viticulture}",
	isbn = "9788890233036 ",
	month = 3,
	title = "{How much can a virtual territory help us to understand the resilience of the heroic viticulture? A case study in Trentino (IT) }",
	year = 2017
}

@inproceedings{CERVIM2017_poster,
	author = "Zottele, Fabio and Delay, Etienne",
	booktitle = "{Proceedings of the 5th International Congress on Mountain and Steep Slope Viticulture}",
	isbn = "9788890233036 ",
	month = 3,
	title = "{Chasing the landscape capital in space and time: a model for Val di Cembra }",
	year = 2017
}


